% This file was created with JabRef 2.10.
% Encoding: UTF-8


@Article{Bailer1994,
  Title                    = {Assessing toxicity of pollutants in aquatic systems},
  Author                   = {Bailer, A.J. and Oris, J.T},
  Journal                  = {In Case Studies in Biometry},
  Year                     = {1994},
  Pages                    = {25--40},

  Owner                    = {eduardo},
  Timestamp                = {2017.03.29}
}

@Article{Bonat2018,
  Title                    = {Extended {P}oisson-{T}weedie: properties and regression model for count data},
  Author                   = {Bonat, W. H. and J{\o}rgensen, B. and Kokonendji, C. C. and Hinde, J. and D{\'e}metrio, C. G. B.},
  Journal                  = {Statistical Modelling},
  Year                     = {2018},
  Number                   = {1},
  Pages                    = {24--49},
  Volume                   = {18},

  Owner                    = {eduardo},
  Timestamp                = {2017.03.29}
}

@Book{Bonat2017b,
  Title                    = {Regression Models for Count Data: beyond {P}oisson model},
  Author                   = {Wagner Hugo Bonat and Walmes Marques Zeviani and Eduardo Elias Ribeiro{ }Jr},
  Publisher                = {XV EMR - Brazilian Regression Model School},
  Year                     = {2017},

  Address                  = {Goi{\'{a}}s, Brazil},

  Owner                    = {eduardo},
  Timestamp                = {2018.02.04}
}

@Article{Consul1992,
  Title                    = {Generalized {P}oisson Regression Model},
  Author                   = {Consul, P. C. and Famoye, F.},
  Journal                  = {Communication in Statistics -- Theory and Methods},
  Year                     = {1992},
  Number                   = {1},
  Pages                    = {89--109},
  Volume                   = {21},

  Owner                    = {eduardo},
  Timestamp                = {2018.02.01}
}

@Article{DelCastillo1998,
  Title                    = {Weighted {P}oisson Distributions for Overdispersion and Underdispersion Situations},
  Author                   = {Joan Del{ }Castillo and Marta P{\'{e}}rez-Casany},
  Journal                  = {Annals of the Institute of Statistical Mathematics},
  Year                     = {1998},
  Number                   = {3},
  Pages                    = {567--585},
  Volume                   = {50},

  Owner                    = {eduardo},
  Timestamp                = {2018.02.03}
}

@Book{Dobson2008,
  Title                    = {An Introduction to Generalized Linear Models},
  Author                   = {Dobson, A. J and Barnett, A. G.},
  Publisher                = {Chapman \& Hall/CRC},
  Year                     = {2008},

  Address                  = {Boca Raton},
  Edition                  = {3rd edition},

  Owner                    = {eduardo},
  Timestamp                = {2018.01.31}
}

@Article{Faught1996,
  Title                    = {Topiramate placebo-controlled dose-ranging trial in refractory partial epilepsy using 200-, 400-, and 600-mg daily dosages},
  Author                   = {Faught, E. and Wilder, B. J. and Ramsay, R. E. and Reife, R. A. and Kramer, L. D. and Pledger, G. W. and Karim, R. M.},
  Journal                  = {American Academy of Neurology},
  Year                     = {1996},
  Number                   = {6},
  Pages                    = {1684--1690},
  Volume                   = {46},

  Owner                    = {eduardo},
  Timestamp                = {2018.02.02}
}

@Article{Hinde1998,
  Title                    = {Overdispersion: models and estimation},
  Author                   = {Hinde, J. and Dem{\'{e}}trio, C. G. B.},
  Journal                  = {Computational Statistics \& Data Analysis},
  Year                     = {1998},
  Number                   = {2},
  Pages                    = {151--170},
  Volume                   = {27},

  Owner                    = {eduardo},
  Timestamp                = {2017.03.31}
}

@Article{Huang2017,
  Title                    = {Mean-parametrized {C}onway--{M}axwell--{P}oisson regression models for dispersed counts},
  Author                   = {Huang, Alan},
  Journal                  = {Statistical Modelling},
  Year                     = {2017},
  Number                   = {6},
  Pages                    = {1--22},
  Volume                   = {17},

  Owner                    = {eduardo},
  Timestamp                = {2017.08.06}
}

@Book{Jorgensen1997,
  Title                    = {The Theory of Dispersion Models},
  Author                   = {Bent J{\o}rgensen},
  Publisher                = {Chapman \& Hall},
  Year                     = {1997},

  Address                  = {London},

  Owner                    = {eduardo},
  Timestamp                = {2017.08.13}
}

@Article{Lord2010,
  Title                    = {{Extension of the application of {C}onway-{M}axwell-{P}oisson models: Analyzing traffic crash data exhibiting underdispersion}},
  Author                   = {Lord, Dominique and Geedipally, Srinivas Reddy and Guikema, Seth D.},
  Journal                  = {Risk Analysis},
  Year                     = {2010},
  Number                   = {8},
  Pages                    = {1268--1276},
  Volume                   = {30},

  Owner                    = {eduardo},
  Timestamp                = {2017.03.29}
}

@Book{McCullagh1989,
  Title                    = {Generalized Linear Models},
  Author                   = {McCullagh, P and Nelder, J. A.},
  Publisher                = {Chapman \& Hall},
  Year                     = {1989},

  Address                  = {London},
  Edition                  = {2nd edition},

  Owner                    = {eduardo},
  Timestamp                = {2018.01.31}
}

@Book{Molenberghs2005,
  Title                    = {Models for Discrete Longitudinal Data},
  Author                   = {Geert Molenberghs and Geert Verbeke},
  Publisher                = {Springer},
  Year                     = {2005},

  Address                  = {New York},

  Owner                    = {eduardo},
  Timestamp                = {2018.02.01}
}

@Article{Molenberghs2007,
  Title                    = {An extended random-effects approach to modelling repetead, overdispersed count data},
  Author                   = {Geert Molenberghs and Geert Verbeke and Clarice Garcia Borges Dem{\'{e}}trio},
  Journal                  = {Lifetime Data Analysis},
  Year                     = {2007},
  Pages                    = {513--531},
  Volume                   = {13},

  Owner                    = {eduardo},
  Timestamp                = {2018.02.01}
}

@Article{Molenberghs2010,
  Title                    = {A Family of Generalized Linear Models for Repeated Measures with Normal and Conjugate Random Effects},
  Author                   = {Geert Molenberghs and Geert Verbeke and Clarice Garcia Borges Dem{\'{e}}trio and Afr{\^{a}}nio M. C. Vieira},
  Journal                  = {Statistical Science},
  Year                     = {2010},
  Number                   = {3},
  Pages                    = {325--347},
  Volume                   = {25},

  Owner                    = {eduardo},
  Timestamp                = {2018.01.31}
}

@Article{Molenberghs2017,
  Title                    = {Hierarchical models with normal and conjugate random effects: a review},
  Author                   = {Geert Molenberghs and Geert Verbeke and Clarice G. B. Dem\'{e}trio},
  Journal                  = {SORT : statistics and operations research transactions},
  Year                     = {2017},
  Number                   = {2},
  Pages                    = {191--254 (Invited articles)},
  Volume                   = {41},

  Owner                    = {eduardo},
  Timestamp                = {2018.02.18}
}

@Article{Nelder1972,
  Title                    = {{Generalized Linear Models}},
  Author                   = {Nelder, John Ashworth and Wedderburn, Robert William Maclagan},
  Journal                  = {Journal of the Royal Statistical Society. Series A (General)},
  Year                     = {1972},
  Pages                    = {370--384},
  Volume                   = {135},

  Owner                    = {eduardo},
  Timestamp                = {2017.03.29}
}

@Book{Nocedal1995,
  Title                    = {{Numerical optimization}},
  Author                   = {Nocedal, Jorge and Wright, Stephen J.},
  Publisher                = {Springer},
  Year                     = {1995},

  Address                  = {New York},

  ISBN                     = {0387987932},
  Owner                    = {eduardo},
  Pages                    = {636},
  Timestamp                = {2017.03.29}
}

@Book{Paula2013,
  Title                    = {Modelos de Regress{\~{a}}o com apoio computacional},
  Author                   = {Gilberto Alvarenga Paula},
  Publisher                = {IME--USP},
  Year                     = {2013},

  Address                  = {SÃ£o Paulo},

  Owner                    = {eduardo},
  Timestamp                = {2018.01.31}
}

@Book{Pawitan2001,
  Title                    = {In all likelihood: statistical modelling and inference using likelihood},
  Author                   = {Pawitan, Yudi},
  Publisher                = {Oxford University Press},
  Year                     = {2001},

  Owner                    = {eduardo},
  Timestamp                = {2017.08.11}
}

@Article{Puig2006,
  Title                    = {Count data distributions: some characterizations with applications},
  Author                   = {Puig, Pedro and Valero, Jordi},
  Journal                  = {Journal of the American Statistical Association},
  Year                     = {2006},
  Number                   = {473},
  Pages                    = {332--340},
  Volume                   = {101},

  Owner                    = {eduardo},
  Timestamp                = {2017.11.13}
}

@Manual{Rcore2017,
  Title                    = {R: A Language and Environment for Statistical Computing},

  Address                  = {Vienna, Austria},
  Author                   = {{R CORE TEAM}},
  Organization             = {R Foundation for Statistical Computing},
  Year                     = {2017},

  Owner                    = {eduardo},
  Timestamp                = {2017.02.16}
}

@Other{RibeiroJr2016,
  Title                    = {Extens\~{o}es e Aplica\c{c}\~{o}es dos Modelos de Regress\~{a}o {COM}-{P}oisson},
  Author                   = {Eduardo Elias Ribeiro{ }Jr},
  Owner                    = {eduardo},
  School                   = {Departamento de Estat\'{\i}stica, Universidade Federal do Paran\'{a}},
  Timestamp                = {2017.03.29},
  Type                     = {Bacharelado},
  Year                     = {2016}
}

@Article{RibeiroJr2018,
  Title                    = {Reparametrization of {COM}-{P}oisson Regression Models with Applications in the Analysis of Experimental Data},
  Author                   = {Ribeiro{ }Jr, Eduardo E. and Zeviani, Walmes M. and Bonat, Wagner H. and Dem\'{e}trio, Clarice G. B. and Hinde, John},
  Journal                  = {arXiv (Statistics Applications and Statistics Methodology)},
  Year                     = {2018},

  Owner                    = {eduardo},
  Timestamp                = {2018.02.01}
}

@InProceedings{RibeiroJr2012,
  Title                    = {{M{\'{e}}todos computacionais para infer{\^{e}}ncia com aplica{\c{c}}{\~{o}}es em R}},
  Author                   = {Ribeiro{ }Jr, Paulo Justiniano and Bonat, Wagner Hugo and Krainski, Elias Teixeira and Zeviani, Walmes Marques},
  Booktitle                = {20{\textordmasculine} Simp{\'{o}}sio Nacional de Probabilidade e Estat{\'{i}}stica},
  Year                     = {2012},
  Pages                    = {282},

  Owner                    = {eduardo},
  Timestamp                = {2017.03.30}
}

@Article{Sellers2012,
  Title                    = {The {COM}-{P}oisson model for count data: a survey of methods and applications},
  Author                   = {Sellers, Kimberly F. and Borle, Sharad and Shmueli, Galit},
  Journal                  = {Applied Stochastic Models in Business and Industry},
  Year                     = {2012},
  Number                   = {2},
  Pages                    = {104--116},
  Volume                   = {28},

  Owner                    = {eduardo},
  Timestamp                = {2017.03.29}
}

@Article{Sellers2010,
  Title                    = {{A flexible regression model for count data}},
  Author                   = {Sellers, Kimberly F. and Shmueli, Galit},
  Journal                  = {Annals of Applied Statistics},
  Year                     = {2010},
  Number                   = {2},
  Pages                    = {943--961},
  Volume                   = {4},

  Owner                    = {eduardo},
  Timestamp                = {2017.03.29}
}

@Article{Serafim2012,
  Title                    = {{Umidade do solo e doses de pot{\'{a}}ssio na cultura da soja}},
  Author                   = {Serafim, Milson Evaldo and Ono, F{\'{a}}bio Benedito and Zeviani, Walmes Marques and Novelino, Jos{\'{e}} Oscar and Silva, Joil Vilhalva},
  Journal                  = {Revista Ci{\^{e}}ncia Agron{\^{o}}mica},
  Year                     = {2012},
  Number                   = {2},
  Pages                    = {222--227},
  Volume                   = {43},

  Owner                    = {eduardo},
  Timestamp                = {2017.03.29}
}

@Article{Shmueli2005,
  Title                    = {{A useful distribution for fitting discrete data: Revival of the {C}onway-{M}axwell-{P}oisson distribution}},
  Author                   = {Shmueli, Galit and Minka, Thomas P. and Kadane, Joseph B. and Borle, Sharad and Boatwright, Peter},
  Journal                  = {Journal of the Royal Statistical Society. Series C: Applied Statistics},
  Year                     = {2005},
  Number                   = {1},
  Pages                    = {127--142},
  Volume                   = {54},

  Owner                    = {eduardo},
  Timestamp                = {2017.03.29}
}

@Article{Silva2012,
  Title                    = {Impacto de diferentes n\'{\i}veis de desfolha artificial nos est\'{a}gios fenol\'{o}gicos do algodoeiro},
  Author                   = {Anderson Miguel Silva and Paulo Eduardo Degrande and Renato Suekane and Marcos Gino Fernandes and Walmes Marques Zeviani},
  Journal                  = {Revista de Ci\^{e}ncias Agr\'{a}rias},
  Year                     = {2012},
  Number                   = {1},
  Pages                    = {163--172},
  Volume                   = {35},

  Owner                    = {eduardo},
  Timestamp                = {2018.02.01}
}

@Article{Steutel1989,
  Title                    = {The gamma process and the {P}oisson distribution},
  Author                   = {Steutel, F. W. and Thiemann, J. G. F.},
  Journal                  = {(Memorandum COSOR; Vol. 8924). Eindhoven: Technische Universiteit Eindhoven.},
  Year                     = {1989},

  Owner                    = {eduardo},
  Timestamp                = {2017.12.03}
}

@Article{Suekane2013,
  Title                    = {Danos da mosca-branca \textit{Bemisia tabaci} e distribuiÃ§Ã£o vertical das ninfas em cultivares de soja em casa de vegetaÃ§Ã£o},
  Author                   = {R. Suekane and P.E. Degrande and I.S. de Lima Junior and M.V.B.M. de Queiroz and E.R. Rigoni},
  Journal                  = {Arquivos do Instituto BiolÃ³gico},
  Year                     = {2013},
  Number                   = {2},
  Pages                    = {151--158},
  Volume                   = {80},

  Owner                    = {eduardo},
  Timestamp                = {2018.02.02}
}

@Book{Venables2002,
  Title                    = {Modern Applied Statistics with {S}},
  Author                   = {Venables, W. N. and Ripley, B. D.},
  Publisher                = {Springer},
  Year                     = {2002},
  Edition                  = {4th edition},

  Owner                    = {eduardo},
  Timestamp                = {2018.01.31}
}

@Article{Wedderburn1974,
  Title                    = {{Quasi-Likelihood Functions, Generalized Linear Models, and the {G}auss-{N}ewton Method}},
  Author                   = {Wedderburn, R. W. M.},
  Journal                  = {Biometrika},
  Year                     = {1974},
  Number                   = {3},
  Pages                    = {439},
  Volume                   = {61},

  Owner                    = {eduardo},
  Timestamp                = {2017.03.29}
}

@Book{Winkelmann2008,
  Title                    = {{Econometric Analysis of Count Data}},
  Author                   = {Winkelmann, Rainer},
  Publisher                = {Springer Berlin Heidelberg},
  Year                     = {2008},

  Address                  = {Berlin, Heidelberg},

  Booktitle                = {Vasa},
  Owner                    = {eduardo},
  Pages                    = {342},
  Timestamp                = {2017.03.29}
}

@Article{Winkelmann1995,
  Title                    = {{Duration Dependence and Dispersion in Count-Data Models}},
  Author                   = {Winkelmann, Rainer},
  Journal                  = {Journal of Business {\&} Economic Statistics},
  Year                     = {1995},
  Number                   = {4},
  Pages                    = {467--474},
  Volume                   = {13},

  Owner                    = {eduardo},
  Timestamp                = {2017.03.29}
}

@Article{Winkelmann1994,
  Title                    = {Count Data Models for Demographic Data},
  Author                   = {Rainer Winkelmann and Klaus F. Zimmermann},
  Journal                  = {Mathematical Population Studies},
  Year                     = {1994},
  Number                   = {3},
  Pages                    = {205--221},
  Volume                   = {4},

  Owner                    = {eduardo},
  Timestamp                = {2018.01.31}
}

@Article{Zamani2012,
  Title                    = {Functional Form for the Generalized {P}oisson Regression Model},
  Author                   = {Hoissein Zamani and Noriszura Ismail},
  Journal                  = {Communication in Statistics -- Theory and Methods},
  Year                     = {2012},
  Pages                    = {3666--3675},
  Volume                   = {41},

  Owner                    = {eduardo},
  Timestamp                = {2018.02.01}
}

@Article{Zeviani2014,
  Title                    = {{The Gamma-count distribution in the analysis of experimental underdispersed data}},
  Author                   = {Zeviani, Walmes Marques and {Ribeiro Jr}, Paulo Justiniano and Bonat, Wagner Hugo and Shimakura, Silvia Emiko and Muniz, Joel Augusto},
  Journal                  = {Journal of Applied Statistics},
  Year                     = {2014},
  Pages                    = {1--11},

  Owner                    = {eduardo},
  Timestamp                = {2017.03.29}
}

